@book {AtiyahMacDonald,
    AUTHOR={Atiyah, M. F. and Macdonald, I. G.},
    TITLE={Introduction to commutative algebra},
    PUBLISHER={Addison-Wesley Publishing Co., Reading, Mass.-London-Don Mills, Ont.},
    YEAR={1969},
    PAGES={ix+128},
}

@article {GilmerAlgebraicClosure,
    AUTHOR={Gilmer, Robert},
    TITLE={A Note on the Algebraic Closure of a Field},
    JOURNAL={Amer. Math. Monthly},
    VOLUME={75},
    YEAR={1968},
    NUMBER={10},
    PAGES={1101--1102},
    DOI={10.2307/2315743},
}

@article {McCoyDivisorsOfZero,
    AUTHOR={McCoy, N. H.},
    TITLE={Remarks on divisors of zero},
    JOURNAL={Amer. Math. Monthly},
    VOLUME={49},
    YEAR={1942},
    PAGES={286--295},
    DOI={10.2307/2303094},
}

@article {FieldsZeroDivisors,
    AUTHOR={Fields, David E.},
    TITLE={Zero divisors and nilpotent elements in power series rings},
    JOURNAL={Proc. Amer. Math. Soc.},
    VOLUME={27},
    YEAR={1971},
    PAGES={427--433},
    DOI={10.2307/2036469},
}

@article {LamReyesPrimeIdealPrinciple,
    AUTHOR={Lam, T. Y. and Reyes, Manuel L.},
    TITLE={A prime ideal principle in commutative algebra},
    JOURNAL={J. Algebra},
    VOLUME={319},
    YEAR={2008},
    NUMBER={7},
    PAGES={3006--3027},
    DOI={10.1016/j.jalgebra.2007.07.016},
}

@book {LangAlgebra,
    AUTHOR={Lang, Serge},
    TITLE={Algebra},
    SERIES={Graduate Texts in Mathematics},
    VOLUME={211},
    EDITION={third},
    PUBLISHER={Springer-Verlag, New York},
    YEAR={2002},
    PAGES={xvi+914},
    DOI={10.1007/978-1-4613-0041-0},
}

@book {EisenbudHarrisGeometryOfSchemes,
    AUTHOR={Eisenbud, David and Harris, Joe},
    TITLE={The geometry of schemes},
    SERIES={Graduate Texts in Mathematics},
    VOLUME={197},
    PUBLISHER={Springer-Verlag, New York},
    YEAR={2000},
    PAGES={x+294},
    DOI={10.1007/b97680},
}

@book {MumfordRedBook,
    AUTHOR={Mumford, David},
    TITLE={The red book of varieties and schemes},
    SERIES={Lecture Notes in Mathematics},
    VOLUME={1358},
    PUBLISHER={Springer-Verlag, Berlin},
    YEAR={1999},
    PAGES={x+306},
    DOI={10.1007/b62130},
}

@unpublished {VakilNotes,
    AUTHOR={Vakil, Ravi},
    TITLE={The Rising Sea: Foundations Of Algebraic Geometry},
    Year={2017},
    Month={11},
    Day={18},
    URL={http://math.stanford.edu/~vakil/216blog/index.html}
}

@article {StoneRepresentationOfBooleanAlgebras,
    AUTHOR={Stone, M. H.},
    TITLE={The theory of representations for {B}oolean algebras},
    JOURNAL={Trans. Amer. Math. Soc.},
    VOLUME={40},
    YEAR={1936},
    NUMBER={1},
    PAGES={37--111},
    DOI={10.2307/1989664},
}

@book {LangRealFunctionalAnalysis,
    AUTHOR={Lang, Serge},
    TITLE={Real and functional analysis},
    SERIES={Graduate Texts in Mathematics},
    VOLUME={142},
    EDITION={Third},
    PUBLISHER={Springer-Verlag, New York},
    YEAR={1993},
    PAGES={xiv+580},
    DOI={10.1007/978-1-4612-0897-6},
}