@book {AtiyahMacDonaldIntroCommAlg,
    AUTHOR = {Atiyah, M. F. and Macdonald, I. G.},
     TITLE = {Introduction to commutative algebra},
 PUBLISHER = {Addison-Wesley Publishing Co., Reading, Mass.-London-Don
              Mills, Ont.},
      YEAR = {1969},
     PAGES = {ix+128},
   MRCLASS = {13.00},
  MRNUMBER = {0242802 (39 \#4129)},
MRREVIEWER = {J. A. Johnson},
}

@article {GilmerAlgebraicClosure,
    AUTHOR = {Gilmer, Robert},
     TITLE = {A Note on the Algebraic Closure of a Field},
   JOURNAL = {Amer. Math. Monthly},
  FJOURNAL = {The American Mathematical Monthly},
    VOLUME = {75},
      YEAR = {1968},
    NUMBER = {10},
     PAGES = {1101--1102},
      ISSN = {0002-9890},
     CODEN = {AMMYAE},
   MRCLASS = {Contributed Item},
  MRNUMBER = {1535175},
       DOI = {10.2307/2315743},
       URL = {http://dx.doi.org/10.2307/2315743},
}

@article {McCoyDivisorsOfZero,
    AUTHOR = {McCoy, N. H.},
     TITLE = {Remarks on divisors of zero},
   JOURNAL = {Amer. Math. Monthly},
  FJOURNAL = {The American Mathematical Monthly},
    VOLUME = {49},
      YEAR = {1942},
     PAGES = {286--295},
      ISSN = {0002-9890},
   MRCLASS = {09.1X},
  MRNUMBER = {0006150 (3,262e)},
MRREVIEWER = {C. C. MacDuffee},
}

@article {FieldsZeroDivisors,
    AUTHOR = {Fields, David E.},
     TITLE = {Zero divisors and nilpotent elements in power series rings},
   JOURNAL = {Proc. Amer. Math. Soc.},
  FJOURNAL = {Proceedings of the American Mathematical Society},
    VOLUME = {27},
      YEAR = {1971},
     PAGES = {427--433},
      ISSN = {0002-9939},
   MRCLASS = {13.93},
  MRNUMBER = {0271100 (42 \#5983)},
MRREVIEWER = {W. Heinzer},
}

@article {LamReyesPrimeIdealPrinciple,
    AUTHOR = {Lam, T. Y. and Reyes, Manuel L.},
     TITLE = {A prime ideal principle in commutative algebra},
   JOURNAL = {J. Algebra},
  FJOURNAL = {Journal of Algebra},
    VOLUME = {319},
      YEAR = {2008},
    NUMBER = {7},
     PAGES = {3006--3027},
      ISSN = {0021-8693},
     CODEN = {JALGA4},
   MRCLASS = {13A15},
  MRNUMBER = {2397420 (2009c:13003)},
MRREVIEWER = {Daniel D. Anderson},
       DOI = {10.1016/j.jalgebra.2007.07.016},
       URL = {http://dx.doi.org/10.1016/j.jalgebra.2007.07.016},
}

@book {LangAlgebra,
    AUTHOR = {Lang, Serge},
     TITLE = {Algebra},
    SERIES = {Graduate Texts in Mathematics},
    VOLUME = {211},
   EDITION = {third},
 PUBLISHER = {Springer-Verlag, New York},
      YEAR = {2002},
     PAGES = {xvi+914},
      ISBN = {0-387-95385-X},
   MRCLASS = {00A05 (15-02)},
  MRNUMBER = {1878556 (2003e:00003)},
       DOI = {10.1007/978-1-4613-0041-0},
       URL = {http://dx.doi.org/10.1007/978-1-4613-0041-0},
}

@book {EisenbudHarrisGeometryOfSchemes,
    AUTHOR = {Eisenbud, David and Harris, Joe},
     TITLE = {The geometry of schemes},
    SERIES = {Graduate Texts in Mathematics},
    VOLUME = {197},
 PUBLISHER = {Springer-Verlag, New York},
      YEAR = {2000},
     PAGES = {x+294},
      ISBN = {0-387-98638-3; 0-387-98637-5},
   MRCLASS = {14A15 (14-01 14C05 14H50 14N05)},
  MRNUMBER = {1730819 (2001d:14002)},
MRREVIEWER = {Allen B. Altman},
}

@book {MumfordRedBook,
    AUTHOR = {Mumford, David},
     TITLE = {The red book of varieties and schemes},
    SERIES = {Lecture Notes in Mathematics},
    VOLUME = {1358},
   EDITION = {expanded},
      NOTE = {Includes the Michigan lectures (1974) on curves and their Jacobians, With contributions by Enrico Arbarello},
 PUBLISHER = {Springer-Verlag, Berlin},
      YEAR = {1999},
     PAGES = {x+306},
      ISBN = {3-540-63293-X},
   MRCLASS = {14-01 (14A15 14H40 14H42)},
  MRNUMBER = {1748380 (2001b:14001)},
MRREVIEWER = {Arnaud Beauville},
       DOI = {10.1007/b62130},
       URL = {http://dx.doi.org/10.1007/b62130},
}

@unpublished {VakilNotes,
    AUTHOR = {Vakil, Ravi},
     TITLE = {{MATH} 216: {F}oundations of {A}lgebraic {G}eometry},
      NOTE = {Notes, \url{http://math.stanford.edu/~vakil/216blog/}},
      Year = {2013},
     Month = {June 11},
}

@article {StoneRepresentationOfBooleanAlgebras,
    AUTHOR = {Stone, M. H.},
     TITLE = {The theory of representations for {B}oolean algebras},
   JOURNAL = {Trans. Amer. Math. Soc.},
  FJOURNAL = {Transactions of the American Mathematical Society},
    VOLUME = {40},
      YEAR = {1936},
    NUMBER = {1},
     PAGES = {37--111},
      ISSN = {0002-9947},
     CODEN = {TAMTAM},
   MRCLASS = {06E20},
  MRNUMBER = {1501865},
       DOI = {10.2307/1989664},
       URL = {http://dx.doi.org/10.2307/1989664},
}

@book {LangRealFunctionalAnalysis,
    AUTHOR = {Lang, Serge},
     TITLE = {Real and functional analysis},
    SERIES = {Graduate Texts in Mathematics},
    VOLUME = {142},
   EDITION = {Third},
 PUBLISHER = {Springer-Verlag, New York},
      YEAR = {1993},
     PAGES = {xiv+580},
      ISBN = {0-387-94001-4},
   MRCLASS = {00A05 (26-01 28-01 46-01 47-01 58-01)},
  MRNUMBER = {1216137 (94b:00005)},
       DOI = {10.1007/978-1-4612-0897-6},
       URL = {http://dx.doi.org/10.1007/978-1-4612-0897-6},
}